% Programming Languages Websites
@website{PYTH,
	author = {{Python Software Foundation}},
	title = {{Python Programming Language, Official Website}},
	URL = {{https://www.python.org}},
}
@website{JAVA,
	author = {{Oracle Corporation}},
	title = {{Java, Official Website}},
	URL = {{https://java.com/en/}},
}
@website{CPP,
	author = {{INternational Organization for Standardization}},
	title = {{C++ language specification}},
	URL = {{https://www.iso.org/standard/68564.html}},
}